% This file was created with JabRef 2.10.
% Encoding: ISO8859_1


@Misc{scalaxb,
  Title                    = {scalaxb},
  Author                   = {Eugene Yokota},
  Url                      = {http://scalaxb.org/},
  Urldate                  = {2015-10-05},
  Version                  = {1.4.0},

  Keywords                 = {software}
}

@Misc{Akka,
  Title                    = {Akka},
  Organization             = {Typesafe Inc.},
  Url                      = {http://akka.io/},
  Urldate                  = {2015-10-05},
  Version                  = {2.4.0},

  Keywords                 = {software, used}
}


@Misc{Selenium,
	Title                    = {Selenium},
	Url                      = {http://www.seleniumhq.org/},
	Urldate                  = {2015-12-27},
	
	Keywords                 = {software}
}

@ONLINE{SikuliX,
	author = {Raimund Hocke},
	title = {SikuliX - Homepage},
	url = {http://www.sikulix.com/},
	urldate = {2015-07-26},
	owner = {mschledjewski},
	timestamp = {2015.07.26},
	Keywords                 = {software, used}
}

@ONLINE{TestLink,
	title = {TestLink Open Source Test Management},
	url = {http://testlink.org/},
	urldate = {2015-07-26},
	owner = {mschledjewski},
	timestamp = {2015.07.26},
	
	Keywords                 = {software}
}

@Masterthesis{BachelorMapViewer,
	author = {Schledjewski, Malte},
	title = {MapViewer~-~a software component for visualizing statistical and georeferenced data (\emph{MapViewer~-~eine Softwarekomponente zur Visualisierung statistischer und georeferenzierter Daten})},
	type = {Bachelor thesis},
	institution = {Hoschule Kaiserslautern},
	date = {2015-08-07},
	language = {german}
}

